<?xml version="1.0" encoding="UTF-8"?><collection xmlns="http://www.loc.gov/MARC21/slim"><record><leader>00390nam--2200133-i-4500</leader><controlfield tag="001">000049211</controlfield><controlfield tag="002">20161230</controlfield><controlfield tag="005">20161230201047</controlfield><controlfield tag="008">060222s1000------------r-----000-0-eng-d</controlfield><datafield ind1=" " ind2=" " tag="100"><subfield code="a">Partridge, Gordon R</subfield></datafield><datafield ind1=" " ind2=" " tag="245"><subfield code="a">Principles of electronic instruments</subfield></datafield><datafield ind1=" " ind2=" " tag="260"><subfield code="a">Englewood Cliffs, N.J., Prentice-hall, 1958, Xiv+393p</subfield></datafield><datafield ind1=" " ind2=" " tag="490"><subfield code="a">Prentice-hall Electrical Engineering Series</subfield></datafield><datafield ind1=" " ind2=" " tag="852"><subfield code="a">15121</subfield></datafield></record></collection>